@INPROCEEDINGS{1530741, 
author={Dasgupta, A. and Hopcroft, J. and Kleinberg, J. and Sandler, M.}, 
booktitle={Foundations of Computer Science, 2005. FOCS 2005. 46th Annual IEEE Symposium on}, 
title={On learning mixtures of heavy-tailed distributions}, 
year={2005}, 
month={Oct}, 
pages={491-500}, 
keywords={Gaussian distribution;exponential distribution;learning (artificial intelligence);log normal distribution;normal distribution;Gaussian distribution;Gaussians distributions;arbitrary symmetric distributions;exponential distribution;heavy-tailed distributions;isotropic power-laws;learning mixture;log-concave distributions;Computer science;Data mining;Gaussian distribution;Iterative methods;Machine learning;Parameter estimation;Polynomials;Probability distribution;Statistical analysis;Statistical distributions}, 
doi={10.1109/SFCS.2005.56},}

@article{doi:10.1137/S0097539704445925,
author = {Ravindran Kannan and Hadi Salmasian and Santosh Vempala},
title = {The Spectral Method for General Mixture Models},
journal = {SIAM Journal on Computing},
volume = {38},
number = {3},
pages = {1141-1156},
year = {2008},
doi = {10.1137/S0097539704445925},

URL = { 
        http://dx.doi.org/10.1137/S0097539704445925
    
},
eprint = { 
        http://dx.doi.org/10.1137/S0097539704445925
    
}

}